<?xml version="1.0" encoding="UTF-8"?><record xmlns="http://www.loc.gov/MARC21/slim" xmlns:cinclude="http://apache.org/cocoon/include/1.0" xmlns:zs="http://www.loc.gov/zing/srw/">
  <leader>00444cz  a2200133n  4500</leader>
  <controlfield tag="001">n  89638364 </controlfield>
  <controlfield tag="003">DLC</controlfield>
  <controlfield tag="005">19950911114846.5</controlfield>
  <controlfield tag="008">890710n| acannaab|          |n aaa |||  </controlfield>
  <datafield tag="010" ind1=" " ind2=" ">
    <subfield code="a">n  89638364 </subfield>
  </datafield>
  <datafield tag="040" ind1=" " ind2=" ">
    <subfield code="a">DLC</subfield>
    <subfield code="c">DLC</subfield>
    <subfield code="d">DLC</subfield>
  </datafield>
  <datafield tag="100" ind1="1" ind2="0">
    <subfield code="a">Chemama, Roland</subfield>
  </datafield>
  <datafield tag="670" ind1=" " ind2=" ">
    <subfield code="a">nuc89-64394: Laporte, D. Bouvard &amp; PeĚcuchet centenaires, 1981</subfield>
    <subfield code="b">(hdg. on CLU rept.: Chemama, Roland; usage: Roland Chemama)</subfield>
  </datafield>
  <datafield tag="670" ind1=" " ind2=" ">
    <subfield code="a">La psychanalyse, c1993:</subfield>
    <subfield code="b">t.p. (Roland Chemama)</subfield>
  </datafield>
</record>